<record><leader>02983nam a2200445 i 4500</leader><controlfield tag="001">6786249</controlfield><controlfield tag="003">FlBoTFG</controlfield><controlfield tag="005">20150115163112.0</controlfield><controlfield tag="006">m|||||o||d||||||||</controlfield><controlfield tag="007">cr||||</controlfield><controlfield tag="008">150115t20152015fluad   ob    001 0 eng d</controlfield><datafield ind1=" " ind2=" " tag="020"><subfield code="a">9781482228236 (e-book : PDF)</subfield></datafield><datafield ind1=" " ind2=" " tag="035"><subfield code="a">ocn895660985</subfield></datafield><datafield ind1=" " ind2=" " tag="039"><subfield code="a">exclude</subfield></datafield><datafield ind1=" " ind2=" " tag="040"><subfield code="a">FlBoTFG</subfield><subfield code="b">eng</subfield><subfield code="e">rda</subfield><subfield code="c">FlBoTFG</subfield><subfield code="d">AEU</subfield></datafield><datafield ind1=" " ind2="4" tag="050"><subfield code="a">TA1638</subfield><subfield code="b">.J647 2015</subfield></datafield><datafield ind1=" " ind2=" " tag="090"><subfield code="a">Internet Access</subfield><subfield code="b">AEU</subfield></datafield><datafield ind1="1" ind2=" " tag="100"><subfield code="a">Joshi, Madhuri A.,</subfield><subfield code="e">author.</subfield></datafield><datafield ind1="1" ind2="0" tag="245"><subfield code="a">Image and video compression :</subfield><subfield code="b">fundamentals, techniques, and applications /</subfield><subfield code="c">Madhuri A. Joshi, Ph.D., Professor, Electronics, College of Engineering, Pune (COEP), an autonomous institution of Government of Maharashtra, Pune, India, Mehul S. Raval, Ph.D., Associate Professor, Institute of Engineering and Technology, Ahmedabad University, Ahmedabad, Gujarat, India, Yogesh H. Dandawate, Ph.D., Professor, Department of Electronics and Telecommunication Engineering, Vishwakarma Institute of Information Technology, Pune, India, Kalyani R. Joshi, Principal, Ph.D., Professor in Electronics and Telecommunication Engineering, P.E.S. Modern College of Engineering, Pune, India, Shilpa P. Metkar, Ph.D., Assistant Professor, Electronics, College of Engineering, Pune (COEP), an autonomous institution of Government of Maharashtra, Pune, India.</subfield></datafield><datafield ind1=" " ind2="1" tag="264"><subfield code="a">Boca Raton :</subfield><subfield code="b">Taylor &amp; Francis,</subfield><subfield code="c">[2015]</subfield></datafield><datafield ind1=" " ind2="4" tag="264"><subfield code="c">&#169;2015</subfield></datafield><datafield ind1=" " ind2=" " tag="300"><subfield code="a">1 online resource.</subfield></datafield><datafield ind1=" " ind2=" " tag="336"><subfield code="a">text</subfield><subfield code="2">rdacontent</subfield></datafield><datafield ind1=" " ind2=" " tag="337"><subfield code="a">computer</subfield><subfield code="2">rdamedia</subfield></datafield><datafield ind1=" " ind2=" " tag="338"><subfield code="a">online resource</subfield><subfield code="2">rdacarrier</subfield></datafield><datafield ind1=" " ind2=" " tag="500"><subfield code="a">"A Chapman &amp; Hall book."</subfield></datafield><datafield ind1=" " ind2=" " tag="504"><subfield code="a">Includes bibliographical references and index.</subfield></datafield><datafield ind1="0" ind2=" " tag="505"><subfield code="a">Introduction to image compression -- Lossless image compression -- Image transforms -- Wavelet-based image compression -- Image compression using vector quantization -- Digital video compression -- Image quality assessment -- Compressive sensing.</subfield></datafield><datafield ind1=" " ind2=" " tag="506"><subfield code="a">Access restricted to authorized users and institutions.</subfield></datafield><datafield ind1=" " ind2=" " tag="520"><subfield code="a">"Preface This book is intended primarily for courses in image compression techniques for undergraduate through postgraduate students, research scholars, and engineers working in the field. It presents the basic concepts and technologies in a student-friendly manner. The major techniques in image compression are explained with informative illustrations, and the concepts are evolved from the basics. Practical implementation is demonstrated with MATLAB.</subfield></datafield><datafield ind1=" " ind2=" " tag="596"><subfield code="a">44</subfield></datafield><datafield ind1=" " ind2="0" tag="650"><subfield code="a">Image compression.</subfield></datafield><datafield ind1=" " ind2="0" tag="650"><subfield code="a">Video compression.</subfield></datafield><datafield ind1="1" ind2=" " tag="700"><subfield code="a">Raval, Mehul S.,</subfield><subfield code="e">author.</subfield></datafield><datafield ind1="1" ind2=" " tag="700"><subfield code="a">Dandawate, Yogesh H.,</subfield><subfield code="e">author.</subfield></datafield><datafield ind1="1" ind2=" " tag="700"><subfield code="a">Joshi, Kalyani R.,</subfield><subfield code="e">author.</subfield></datafield><datafield ind1="1" ind2=" " tag="700"><subfield code="a">Metkar, Shilpa P.,</subfield><subfield code="e">author.</subfield></datafield><datafield ind1="4" ind2="0" tag="856"><subfield code="3">University of Alberta Access</subfield><subfield code="u">http://marc.crcnetbase.com/isbn/9781482228236</subfield><subfield code="z">(Unlimited Concurrent Users)</subfield></datafield><datafield ind1=" " ind2=" " tag="949"><subfield code="h">UAIN</subfield><subfield code="z">CRC</subfield></datafield><datafield ind1=" " ind2=" " tag="926"><subfield code="a">Internet Access</subfield><subfield code="w">LC</subfield><subfield code="c">1</subfield><subfield code="i">6786249-1001</subfield><subfield code="l">INTERNET</subfield><subfield code="m">UAINTERNET</subfield><subfield code="r">Y</subfield><subfield code="s">Y</subfield><subfield code="t">E-RESOURCE</subfield><subfield code="u">1/20/2015</subfield><subfield code="x">E-BOOK</subfield><subfield code="z">CRC</subfield></datafield></record>